<record><leader>00000cas a22000007a 4500</leader><controlfield tag="001">13789782</controlfield><controlfield tag="008">860627c19219999lauwr ne      0   a0eng d</controlfield><datafield ind1=" " ind2=" " tag="010"><subfield code="a">sn 86011292 </subfield></datafield><datafield ind1=" " ind2=" " tag="040"><subfield code="a">NSD</subfield><subfield code="b">eng</subfield><subfield code="c">NSD</subfield><subfield code="d">LNP</subfield><subfield code="d">OCLCQ</subfield><subfield code="d">OCLCF</subfield><subfield code="d">OCLCO</subfield></datafield><datafield ind1=" " ind2=" " tag="012"><subfield code="l">1</subfield><subfield code="m">1</subfield></datafield><datafield ind1="1" ind2=" " tag="022"><subfield code="a">0889-0684</subfield><subfield code="l">0889-0684</subfield><subfield code="2">1</subfield></datafield><datafield ind1=" " ind2=" " tag="032"><subfield code="a">177180</subfield><subfield code="b">USPS</subfield></datafield><datafield ind1=" " ind2=" " tag="037"><subfield code="b">The Enterprise, P.O. Box 218, Ponchatoula, LA 70454</subfield></datafield><datafield ind1=" " ind2=" " tag="042"><subfield code="a">nsdp</subfield></datafield><datafield ind1=" " ind2=" " tag="043"><subfield code="a">n-us-la</subfield></datafield><datafield ind1="0" ind2=" " tag="130"><subfield code="a">Enterprise (Ponchatoula, La.)</subfield></datafield><datafield ind1=" " ind2="0" tag="222"><subfield code="a">Enterprise</subfield><subfield code="b">(Ponchatoula, La.)</subfield></datafield><datafield ind1="1" ind2="4" tag="245"><subfield code="a">The Enterprise.</subfield></datafield><datafield ind1="1" ind2="3" tag="246"><subfield code="a">Ponchatoula enterprise</subfield></datafield><datafield ind1=" " ind2=" " tag="260"><subfield code="a">Ponchatoula, La. :</subfield><subfield code="b">King-Hannaford Co.</subfield></datafield><datafield ind1=" " ind2=" " tag="310"><subfield code="a">Weekly</subfield></datafield><datafield ind1="0" ind2=" " tag="362"><subfield code="a">Vol. 1, no. 1 (Mar. 11, 1921)-</subfield></datafield><datafield ind1=" " ind2="0" tag="651"><subfield code="a">Ponchatoula (La.)</subfield><subfield code="v">Newspapers.</subfield></datafield><datafield ind1=" " ind2="7" tag="655"><subfield code="a">Newspapers.</subfield><subfield code="2">fast</subfield><subfield code="0">(OCoLC)fst01423814</subfield></datafield><datafield ind1=" " ind2="7" tag="651"><subfield code="a">Louisiana</subfield><subfield code="z">Ponchatoula.</subfield><subfield code="2">fast</subfield><subfield code="0">(OCoLC)fst01229069</subfield></datafield><datafield ind1=" " ind2=" " tag="752"><subfield code="a">United States</subfield><subfield code="b">Louisiana</subfield><subfield code="c">Tangipahoa</subfield><subfield code="d">Ponchatoula.</subfield></datafield></record>